%YAML 1.1
%TAG !u! tag:unity3d.com,2011:
--- !u!1 &3766852491645293898
GameObject:
  m_ObjectHideFlags: 0
  m_CorrespondingSourceObject: {fileID: 0}
  m_PrefabInstance: {fileID: 0}
  m_PrefabAsset: {fileID: 0}
  serializedVersion: 6
  m_Component:
  - component: {fileID: 3766852491645293903}
  m_Layer: 0
  m_Name: Red Blood Cells Particle Effect
  m_TagString: Untagged
  m_Icon: {fileID: 0}
  m_NavMeshLayer: 0
  m_StaticEditorFlags: 0
  m_IsActive: 1
--- !u!4 &3766852491645293903
Transform:
  m_ObjectHideFlags: 0
  m_CorrespondingSourceObject: {fileID: 0}
  m_PrefabInstance: {fileID: 0}
  m_PrefabAsset: {fileID: 0}
  m_GameObject: {fileID: 3766852491645293898}
  m_LocalRotation: {x: 0, y: 0, z: 0, w: 1}
  m_LocalPosition: {x: 0.837082, y: 0.30980775, z: -95.58984}
  m_LocalScale: {x: 1, y: 1, z: 1}
  m_Children:
  - {fileID: 2712401333276005565}
  - {fileID: 2712401333153765792}
  - {fileID: 2712401333780990757}
  m_Father: {fileID: 0}
  m_RootOrder: 0
  m_LocalEulerAnglesHint: {x: 0, y: 0, z: 0}
--- !u!1001 &3766852491389528676
PrefabInstance:
  m_ObjectHideFlags: 0
  serializedVersion: 2
  m_Modification:
    m_TransformParent: {fileID: 3766852491645293903}
    m_Modifications:
    - target: {fileID: 1288854979613729089, guid: 29755a3e826bee2478eb461745163162,
        type: 3}
      propertyPath: m_LocalPosition.x
      value: 0
      objectReference: {fileID: 0}
    - target: {fileID: 1288854979613729089, guid: 29755a3e826bee2478eb461745163162,
        type: 3}
      propertyPath: m_LocalPosition.y
      value: 0
      objectReference: {fileID: 0}
    - target: {fileID: 1288854979613729089, guid: 29755a3e826bee2478eb461745163162,
        type: 3}
      propertyPath: m_LocalPosition.z
      value: 0
      objectReference: {fileID: 0}
    - target: {fileID: 1288854979613729089, guid: 29755a3e826bee2478eb461745163162,
        type: 3}
      propertyPath: m_LocalRotation.x
      value: -0
      objectReference: {fileID: 0}
    - target: {fileID: 1288854979613729089, guid: 29755a3e826bee2478eb461745163162,
        type: 3}
      propertyPath: m_LocalRotation.y
      value: -0
      objectReference: {fileID: 0}
    - target: {fileID: 1288854979613729089, guid: 29755a3e826bee2478eb461745163162,
        type: 3}
      propertyPath: m_LocalRotation.z
      value: -0
      objectReference: {fileID: 0}
    - target: {fileID: 1288854979613729089, guid: 29755a3e826bee2478eb461745163162,
        type: 3}
      propertyPath: m_LocalRotation.w
      value: 1
      objectReference: {fileID: 0}
    - target: {fileID: 1288854979613729089, guid: 29755a3e826bee2478eb461745163162,
        type: 3}
      propertyPath: m_RootOrder
      value: 2
      objectReference: {fileID: 0}
    - target: {fileID: 1288854979613729089, guid: 29755a3e826bee2478eb461745163162,
        type: 3}
      propertyPath: m_LocalEulerAnglesHint.x
      value: 0
      objectReference: {fileID: 0}
    - target: {fileID: 1288854979613729089, guid: 29755a3e826bee2478eb461745163162,
        type: 3}
      propertyPath: m_LocalEulerAnglesHint.y
      value: 0
      objectReference: {fileID: 0}
    - target: {fileID: 1288854979613729089, guid: 29755a3e826bee2478eb461745163162,
        type: 3}
      propertyPath: m_LocalEulerAnglesHint.z
      value: 0
      objectReference: {fileID: 0}
    - target: {fileID: 3580070051999253717, guid: 29755a3e826bee2478eb461745163162,
        type: 3}
      propertyPath: m_Name
      value: Red Blood Cells 3
      objectReference: {fileID: 0}
    m_RemovedComponents: []
  m_SourcePrefab: {fileID: 100100000, guid: 29755a3e826bee2478eb461745163162, type: 3}
--- !u!4 &2712401333780990757 stripped
Transform:
  m_CorrespondingSourceObject: {fileID: 1288854979613729089, guid: 29755a3e826bee2478eb461745163162,
    type: 3}
  m_PrefabInstance: {fileID: 3766852491389528676}
  m_PrefabAsset: {fileID: 0}
--- !u!1001 &3766852491898582524
PrefabInstance:
  m_ObjectHideFlags: 0
  serializedVersion: 2
  m_Modification:
    m_TransformParent: {fileID: 3766852491645293903}
    m_Modifications:
    - target: {fileID: 1288854979613729089, guid: ab589722d57681a4d8113164f6e682a9,
        type: 3}
      propertyPath: m_LocalPosition.x
      value: 0
      objectReference: {fileID: 0}
    - target: {fileID: 1288854979613729089, guid: ab589722d57681a4d8113164f6e682a9,
        type: 3}
      propertyPath: m_LocalPosition.y
      value: 0
      objectReference: {fileID: 0}
    - target: {fileID: 1288854979613729089, guid: ab589722d57681a4d8113164f6e682a9,
        type: 3}
      propertyPath: m_LocalPosition.z
      value: 0
      objectReference: {fileID: 0}
    - target: {fileID: 1288854979613729089, guid: ab589722d57681a4d8113164f6e682a9,
        type: 3}
      propertyPath: m_LocalRotation.x
      value: -0
      objectReference: {fileID: 0}
    - target: {fileID: 1288854979613729089, guid: ab589722d57681a4d8113164f6e682a9,
        type: 3}
      propertyPath: m_LocalRotation.y
      value: -0
      objectReference: {fileID: 0}
    - target: {fileID: 1288854979613729089, guid: ab589722d57681a4d8113164f6e682a9,
        type: 3}
      propertyPath: m_LocalRotation.z
      value: -0
      objectReference: {fileID: 0}
    - target: {fileID: 1288854979613729089, guid: ab589722d57681a4d8113164f6e682a9,
        type: 3}
      propertyPath: m_LocalRotation.w
      value: 1
      objectReference: {fileID: 0}
    - target: {fileID: 1288854979613729089, guid: ab589722d57681a4d8113164f6e682a9,
        type: 3}
      propertyPath: m_RootOrder
      value: 0
      objectReference: {fileID: 0}
    - target: {fileID: 1288854979613729089, guid: ab589722d57681a4d8113164f6e682a9,
        type: 3}
      propertyPath: m_LocalEulerAnglesHint.x
      value: 0
      objectReference: {fileID: 0}
    - target: {fileID: 1288854979613729089, guid: ab589722d57681a4d8113164f6e682a9,
        type: 3}
      propertyPath: m_LocalEulerAnglesHint.y
      value: 0
      objectReference: {fileID: 0}
    - target: {fileID: 1288854979613729089, guid: ab589722d57681a4d8113164f6e682a9,
        type: 3}
      propertyPath: m_LocalEulerAnglesHint.z
      value: 0
      objectReference: {fileID: 0}
    - target: {fileID: 3580070051999253717, guid: ab589722d57681a4d8113164f6e682a9,
        type: 3}
      propertyPath: m_Name
      value: Red Blood Cells 1
      objectReference: {fileID: 0}
    m_RemovedComponents: []
  m_SourcePrefab: {fileID: 100100000, guid: ab589722d57681a4d8113164f6e682a9, type: 3}
--- !u!4 &2712401333276005565 stripped
Transform:
  m_CorrespondingSourceObject: {fileID: 1288854979613729089, guid: ab589722d57681a4d8113164f6e682a9,
    type: 3}
  m_PrefabInstance: {fileID: 3766852491898582524}
  m_PrefabAsset: {fileID: 0}
--- !u!1001 &3766852492020922593
PrefabInstance:
  m_ObjectHideFlags: 0
  serializedVersion: 2
  m_Modification:
    m_TransformParent: {fileID: 3766852491645293903}
    m_Modifications:
    - target: {fileID: 1288854979613729089, guid: b6be7040c11e16247b2c441589408620,
        type: 3}
      propertyPath: m_LocalPosition.x
      value: 0
      objectReference: {fileID: 0}
    - target: {fileID: 1288854979613729089, guid: b6be7040c11e16247b2c441589408620,
        type: 3}
      propertyPath: m_LocalPosition.y
      value: 0
      objectReference: {fileID: 0}
    - target: {fileID: 1288854979613729089, guid: b6be7040c11e16247b2c441589408620,
        type: 3}
      propertyPath: m_LocalPosition.z
      value: 0
      objectReference: {fileID: 0}
    - target: {fileID: 1288854979613729089, guid: b6be7040c11e16247b2c441589408620,
        type: 3}
      propertyPath: m_LocalRotation.x
      value: -0
      objectReference: {fileID: 0}
    - target: {fileID: 1288854979613729089, guid: b6be7040c11e16247b2c441589408620,
        type: 3}
      propertyPath: m_LocalRotation.y
      value: -0
      objectReference: {fileID: 0}
    - target: {fileID: 1288854979613729089, guid: b6be7040c11e16247b2c441589408620,
        type: 3}
      propertyPath: m_LocalRotation.z
      value: -0
      objectReference: {fileID: 0}
    - target: {fileID: 1288854979613729089, guid: b6be7040c11e16247b2c441589408620,
        type: 3}
      propertyPath: m_LocalRotation.w
      value: 1
      objectReference: {fileID: 0}
    - target: {fileID: 1288854979613729089, guid: b6be7040c11e16247b2c441589408620,
        type: 3}
      propertyPath: m_RootOrder
      value: 1
      objectReference: {fileID: 0}
    - target: {fileID: 1288854979613729089, guid: b6be7040c11e16247b2c441589408620,
        type: 3}
      propertyPath: m_LocalEulerAnglesHint.x
      value: 0
      objectReference: {fileID: 0}
    - target: {fileID: 1288854979613729089, guid: b6be7040c11e16247b2c441589408620,
        type: 3}
      propertyPath: m_LocalEulerAnglesHint.y
      value: 0
      objectReference: {fileID: 0}
    - target: {fileID: 1288854979613729089, guid: b6be7040c11e16247b2c441589408620,
        type: 3}
      propertyPath: m_LocalEulerAnglesHint.z
      value: 0
      objectReference: {fileID: 0}
    - target: {fileID: 3580070051999253717, guid: b6be7040c11e16247b2c441589408620,
        type: 3}
      propertyPath: m_Name
      value: Red Blood Cells 2
      objectReference: {fileID: 0}
    m_RemovedComponents: []
  m_SourcePrefab: {fileID: 100100000, guid: b6be7040c11e16247b2c441589408620, type: 3}
--- !u!4 &2712401333153765792 stripped
Transform:
  m_CorrespondingSourceObject: {fileID: 1288854979613729089, guid: b6be7040c11e16247b2c441589408620,
    type: 3}
  m_PrefabInstance: {fileID: 3766852492020922593}
  m_PrefabAsset: {fileID: 0}
